@inproceedings{mooers1950information,
  title={Information retrieval viewed as temporal signaling},
  author={Calvin Mooers},
  booktitle={Proceedings of the international congress of mathematicians},
  volume={1},
  pages={572--573},
  year={1950}
}

@article{gantz2012digital,
  title={The digital universe in 2020: Big data, bigger digital shadows, and biggest growth in the far east},
  author={Gantz, John and Reinsel, David},
  journal={IDC iView: IDC Analyze the future},
  volume={2007},
  number={2012},
  pages={1--16},
  year={2012}
}

@article{shilakes1998enterprise,
  title={Enterprise information portals},
  author={Shilakes, Christopher C and Tylman, Julie},
  journal={Merrill Lynch},
  volume={16},
  year={1998}
}

@article{JDH17,
  title={Billion-scale similarity search with GPUs},
  author={Johnson, Jeff and Douze, Matthijs and J{\'e}gou, Herv{\'e}},
  journal={arXiv preprint arXiv:1702.08734},
  year={2017}
}

@inproceedings{pennington2014glove,
  author = {Jeffrey Pennington and Richard Socher and Christopher D. Manning},
  booktitle = {Empirical Methods in Natural Language Processing (EMNLP)},
  title = {GloVe: Global Vectors for Word Representation},
  year = {2014},
  pages = {1532--1543},
  url = {http://www.aclweb.org/anthology/D14-1162},
}

@article{bojanowski2016enriching,
  title={Enriching Word Vectors with Subword Information},
  author={Bojanowski, Piotr and Grave, Edouard and Joulin, Armand and Mikolov, Tomas},
  journal={arXiv preprint arXiv:1607.04606},
  year={2016}
}

@inproceedings{Wu:1994:VSL:981732.981751,
 author = {Wu, Zhibiao and Palmer, Martha},
 title = {Verbs Semantics and Lexical Selection},
 booktitle = {Proceedings of the 32nd Annual Meeting on Association for Computational Linguistics},
 series = {ACL '94},
 year = {1994},
 location = {Las Cruces, New Mexico},
 pages = {133--138},
 numpages = {6},
 url = {https://doi.org/10.3115/981732.981751},
 doi = {10.3115/981732.981751},
 acmid = {981751},
 publisher = {Association for Computational Linguistics},
 address = {Stroudsburg, PA, USA},
} 

@incollection{Leacock1998,
  abstract = {Word sense identification is the mapping between words in a text and their appropriate senses in a lexicon. l Some level of word sense identification is required for virtually all natural-language-processing applications. Text must be disambiguated before it can be...},
  author = {Leacock, Claudia and Chodorow, Martin},
  booktitle = {WordNet: An electronic lexical database.},
  chapter = {13},
  editor = {Fellbaum, Christiane},
  isbn = {978-0262061971},
  keywords = {SML-LIB-BIBLIO,lang:ENG},
  mendeley-tags = {SML-LIB-BIBLIO,lang:ENG},
  pages = {265--283},
  publisher = {MIT Press},
  title = {{Combining Local Context and WordNet Similarity for Word Sense Identification}},
  year = {1998}
}

@article{DBLP:journals/corr/cmp-lg-9709008,
  author    = {Jay J. Jiang and
               David W. Conrath},
  title     = {Semantic Similarity Based on Corpus Statistics and Lexical Taxonomy},
  journal   = {CoRR},
  volume    = {cmp-lg/9709008},
  year      = {1997},
  url       = {http://arxiv.org/abs/cmp-lg/9709008},
  timestamp = {Wed, 07 Jun 2017 14:42:55 +0200},
  biburl    = {http://dblp.org/rec/bib/journals/corr/cmp-lg-9709008},
  bibsource = {dblp computer science bibliography, http://dblp.org}
}

@inproceedings{Resnik:1995:UIC:1625855.1625914,
 author = {Resnik, Philip},
 title = {Using Information Content to Evaluate Semantic Similarity in a Taxonomy},
 booktitle = {Proceedings of the 14th International Joint Conference on Artificial Intelligence - Volume 1},
 series = {IJCAI'95},
 year = {1995},
 isbn = {1-55860-363-8, 978-1-558-60363-9},
 location = {Montreal, Quebec, Canada},
 pages = {448--453},
 numpages = {6},
 url = {http://dl.acm.org/citation.cfm?id=1625855.1625914},
 acmid = {1625914},
 publisher = {Morgan Kaufmann Publishers Inc.},
 address = {San Francisco, CA, USA},
}

@inproceedings{Lin:1998:IDS:645527.657297,
 author = {Lin, Dekang},
 title = {An Information-Theoretic Definition of Similarity},
 booktitle = {Proceedings of the Fifteenth International Conference on Machine Learning},
 series = {ICML '98},
 year = {1998},
 isbn = {1-55860-556-8},
 pages = {296--304},
 numpages = {9},
 url = {http://dl.acm.org/citation.cfm?id=645527.657297},
 acmid = {657297},
 publisher = {Morgan Kaufmann Publishers Inc.},
 address = {San Francisco, CA, USA},
}

@article{mikolov2013efficient,
  title={Efficient estimation of word representations in vector space},
  author={Mikolov, Tomas and Chen, Kai and Corrado, Greg and Dean, Jeffrey},
  journal={arXiv preprint arXiv:1301.3781},
  year={2013}
}

@inproceedings{neyshabur2015symmetric,
 author = {Neyshabur, Behnam and Srebro, Nathan},
 title = {On Symmetric and Asymmetric LSHs for Inner Product Search},
 booktitle = {Proceedings of the 32Nd International Conference on International Conference on Machine Learning - Volume 37},
 series = {ICML'15},
 year = {2015},
 location = {Lille, France},
 pages = {1926--1934},
 numpages = {9},
 url = {http://dl.acm.org/citation.cfm?id=3045118.3045323},
 acmid = {3045323},
 publisher = {JMLR.org},
} 

@article{sidorov2014soft,
  title={Soft similarity and soft cosine measure: Similarity of features in vector space model},
  author={Sidorov, Grigori and Gelbukh, Alexander and G{\'o}mez-Adorno, Helena and Pinto, David},
  journal={Computaci{\'o}n y Sistemas},
  volume={18},
  number={3},
  pages={491--504},
  year={2014},
  publisher={Centro de Investigaci{\'o}n en Computaci{\'o}n, IPN}
}

@inproceedings{rehurek_lrec,
  title = {{Software Framework for Topic Modelling with Large Corpora}},
  author = {Radim {\v R}eh{\r u}{\v r}ek and Petr Sojka},
  booktitle = {{Proceedings of the LREC 2010 Workshop on New
                Challenges for NLP Frameworks}},
  pages = {45--50},
  year = 2010,
  month = May,
  day = 22,
  publisher = {ELRA},
  address = {Valletta, Malta},
  note={\url{http://is.muni.cz/publication/884893/en}},
  language={English}
}

@article{yannakakis1981computing,
  title={Computing the minimum fill-in is NP-complete},
  author={Yannakakis, Mihalis},
  journal={SIAM Journal on Algebraic Discrete Methods},
  volume={2},
  number={1},
  pages={77--79},
  year={1981},
  publisher={SIAM}
}

@article{Tange2011a,
  title = {GNU Parallel - The Command-Line Power Tool},
  author = {O. Tange},
  address = {Frederiksberg, Denmark},
  journal = {;login: The USENIX Magazine},
  month = {Feb},
  number = {1},
  volume = {36},
  url = {http://www.gnu.org/s/parallel},
  year = {2011},
  pages = {42-47},
  doi = {http://dx.doi.org/10.5281/zenodo.16303}
}

@online{scipy,
  author = {Eric Jones and Travis Oliphant and Pearu Peterson and others},
  title = {{SciPy}: Open source scientific tools for {Python}},
  year = {2001--},
  url = "http://www.scipy.org/",
  urldate = {2017-12-12},
}

@inproceedings{rygletal16,
   author = {Rygl, Jan and Sojka, Petr and Růžička, Michal and Řehůřek, Radim},
   address = {Brno},
   booktitle = {Proc. of the 10th Workshop on Recent Advances in Slavonic NLP, RASLAN 2016},
   editor = {Aleš Horák and Pavel Rychlý and Adam Rambousek},
   keywords = {ScaleText; vector space modelling; Latent Semantic Indexing; LSI; machine learning; scalable search; search system design; text mining},
   language = {eng},
   location = {Brno},
   isbn = {978-80-263-1095-2},
   pages = {79--87},
   publisher = {Tribun EU},
   title = {ScaleText: The Design of a Scalable, Adaptable and User-Friendly Document System for Similarity Searches: Digging for Nuggets of Wisdom in Text},
   url = {https://nlp.fi.muni.cz/raslan/2016/paper08-Rygl_Sojka_etal.pdf},
   year = 2016,
}

@techreport{singhaletal95,
  title={Pivoted Document Length Normalization},
  author={Singhal, Amit and Buckley, Chris and Mitra, Mandar and Salton, Gerard},
  year= 1995,
  institution={Cornell University},
  address = "Ithaca, NY",
  url = "http://singhal.info/pivoted-dln.pdf",
}

@inproceedings{murataetal00,
  author = "Murata, Masaki and Qing Ma and Kiyotaka Uchimoto and Hiromi Ozaku and Masao Utiyama and Hitoshi Isahara",
  title="Japanese probabilistic information retrieval using location and category information",
  booktitle = "International Workshop on Information Retrieval With Asian Languages",
  year = 2000,
  pages = "81--88",
  url = "https://doi.org/10.1145/355214.355226"
}

@Article{robertsonetal76,
  author = "Robertson, Stephen E. and Karen Spärck Jones",
  title = "Relevance weighting of search terms",
  journal = "JASIS",
  volume = 27,
  number = 3, 
  pages = "129--146",
  year = 1976,
  url = "http://www.staff.city.ac.uk/~sb317/papers/RSJ76.pdf",
}

@inproceedings{robertsonetal94,
  author = {Robertson, Stephen and Walker, S. and Jones, S. and Hancock-Beaulieu, M. M. and Gatford, M.},
  title = {{Okapi at TREC–2}},
  booktitle = {{The 2nd TREC (TREC–2)}},
  year = 1994,
  month = Jan,
  publisher = {Gaithersburg, MD: NIST},
  url = {http://kak.tx0.org/Information-Retrieval/.files/1994-TREC2-OKAPI.pdf},
  pages = {21--34},
}

@inproceedings{robertsonetal95,
  author = {Robertson, Stephen and Walker, S. and Jones, S. and Hancock-Beaulieu, M. M. and Gatford, M.},
  title = {{Okapi at TREC–3}},
  booktitle = {{Overview of the Third TREC (TREC–3)}},
  year = 1995,
  month = Jan,
  publisher = {Gaithersburg, MD: NIST},
  url = {http://research.microsoft.com/pubs/67649/okapi_trec3.pdf},
  pages = {109--126},
}

@article{singhal01,
  author = {Singhal, Amit},
  year = 2001,
  month = Jan,
  pages = {35--43},
  title = {{Modern Information Retrieval: A Brief Overview}},
  volume = 24,
  journal = {IEEE Data Eng. Bull.},
  url = {http://singhal.info/ieee2001.pdf},
}

@inproceedings{kolczetal00,
  author = "Kołcz, Aleksander and Vidya Prabakarmurthi and Jugal Kalita",
  title = "Summarization as feature selection for text categorization",
  booktitle = "Proceedings of the ACM CIKM Conference",
  publisher = "ACM",
  year = 2000,
  pages = "365--370",
}

@inproceedings{massetal02,
  author = "Mass, Yosi and Mandelbrod, Matan and Amitay, Einat and Carmel, David and Maarek, Yo{\"e}lle S and Soffer, Aya",
  year = {2002},
  pages = {73--80},
  title = {Juru{XML} – An {XML} retrieval system at {INEX}'02},
  booktitle = {INEX Workshop},
}

@article{koetal04,
  author = {Ko, Youngjoong and Jinwoo Park and Jungyun Seo},
  year = 2004,
  pages = {65--79},
  title = {Improving text categorization using the importance of sentences},
  volume = 40,
  number = 1,
  journal = {IP\&M},
  url = {https://dl.acm.org/citation.cfm?id=975971},
}

@inproceedings{bialecki12,
  title={{Apache Lucene 4}},
  author={Bia{\l}ecki, Andrzej and Muir, Robert and Ingersoll, Grant and Imagination, Lucid},
  booktitle={{SIGIR 2012 workshop on open source information retrieval}},
  pages=17,
  year=2012
}

@InProceedings{preslavetal16,
  author = 	"Nakov, Preslav
		and M{\`a}rquez, Llu{\'i}s
		and Moschitti, Alessandro
		and Magdy, Walid
		and Mubarak, Hamdy
		and Freihat, abed Alhakim
		and Glass, Jim
		and Randeree, Bilal",
  title = 	"SemEval-2016 Task 3: Community Question Answering",
  booktitle = 	"Proc. of the 10th International Workshop on Semantic Evaluation      (SemEval-2016)",
  year = 	2016,
  publisher = 	"ACL",
  pages = 	"525--545",
  location = 	"San Diego, California",
  doi = 	"10.18653/v1/S16-1083",
  url = 	"http://aclanthology.coli.uni-saarland.de/pdf/S/S16/S16-1083.pdf"
}

@InProceedings{charletdamnati17,
  author = 	"Charlet, Delphine and Damnati, Geraldine",
  title = 	"SimBow at SemEval-2017 Task 3: Soft-Cosine Semantic Similarity between Questions for Community Question Answering",
  booktitle = "Proceedings of the 11th International Workshop on Semantic Evaluation (SemEval-2017)",
  year = 2017,
  publisher = "Association for Computational Linguistics",
  pages = "315--319",
  location = "Vancouver, Canada",
  doi = "10.18653/v1/S17-2051",
  url = "http://www.aclweb.org/anthology/S17-2051",
}

@inproceedings{rygletal17,
  author = 	"Rygl, Jan
		and Pomik{\'a}lek, Jan
		and {\v{R}}eh{\r{u}}{\v{r}}ek, Radim
		and R{\r{u}}{\v{z}}i{\v{c}}ka, Michal
		and Novotn{\'y}, V{\'i}t
		and Sojka, Petr",
  title = {{Semantic Vector Encoding and Similarity Search Using Fulltext Search Engines}},
  booktitle = "Proc. of the 2nd Workshop on Representation Learning for NLP, RepL4NLP 2017",
  year = 2017,
  publisher = "ACL",
  pages = 	"81--90",
  location = 	"Vancouver, Canada",
  doi = 	"10.18653/v1/W17-2611",
  url = 	"http://aclanthology.coli.uni-saarland.de/pdf/W/W17/W17-2611.pdf"
}

@InProceedings{nakov2017semeval,
  author    = {Nakov, Preslav and Hoogeveen, Doris and M\`{a}rquez, Llu\'{i}s and Moschitti, Alessandro and Mubarak, Hamdy and Baldwin, Timothy and Verspoor, Karin},
  title     = {{SemEval}-2017 Task 3: Community Question Answering},
  booktitle = {Proc. of the 11th International Workshop on Semantic Evaluation},
  series    = {SemEval~'17},
  month     = Aug,
  year      = 2017,
  address   = {Vancouver, Canada},
  publisher = {ACL},
  pages={27--48},
}
